SPINOLA, Mauro, PESSÔA, Marcelo. Tecnologia da Informação. In: Gestão de Operações. 2a ed. 
Professores do Departamento de Engenharia da escola Politécnica da USP e da Fundação 
Carlos Alberto Vanzolini. São Paulo: Editora Edgard Blücher,1998, cap.4. p.97-104.
@book{spinolapessoa1998,
	Address = {São Paulo},
	Author = {Mauro Spinola and Marcelo Pessôa},
	Date-Added = {2019-083-10 22:45:00 +0000},
	Date-Modified = {2019-03-10 22:45:00 +0000},
	Edition = {2},
	Publisher = {Editora Edgard Blücher},
	Title = {Tecnologia da Informação. In: Gestão de Operações},
	Year = {1998}}

O’BRIEN, J. A. Sistemas de informação: e as decisões gerenciais na era da Internet. 
2. ed. São Paulo: Saraiva 2004. 
@book{obrien2004,
	Address = {São Paulo},
	Author = {James A. O'Brien},
	Date-Added = {2019-083-10 22:45:00 +0000},
	Date-Modified = {2019-03-10 22:45:00 +0000},
	Edition = {2},
	Publisher = {Saraiva},
	Title = {Sistemas de informação: e as decisões gerenciais na era da Internet},
	Year = {2004}}